@article{HullWhite94,
  author = "John Hull and Alan White",
  title = "Numerical Procedures for Implementing Term
                  Structure Models I: Single-Factor Models.",
  year = "1994",
  journal = "The Journal of Derivatives",
  volume = "2",
  number = "1",
  pages = "7-16"
}

@mastersthesis{malmkjaer,
  author = "Karoline Malmkjaer",
  school = "University of Copenhagen, Department of Computer
                  Science (DIKU)",
  title = "Program and Data Specialization: Principles,
                  Applications, and Self-application",
  year = "1989"
}


@article{chirokoff,
  author = "Sandrine Chirokoff and Charles Consel and Renaud Marlet",
  title = "Combining Program and Data Specialisation",
  year = "1999",
  journal = "Higher-Order and Symbolic Computation",
  volume = "12",
  pages = "309-335"
}

@misc{futharkweb,
    title = "Futhark website",
    howpublished = "\url{https://futhark-lang.org/}",
    note = "[Online; accessed 2-November-2017]"
}

@misc{futharkdoc,
    title = "Futhark documentation",
    howpublished = "\url{https://futhark.readthedocs.io/en/latest/}",
    note = "[Online; accessed 2-November-2017]"
}

@misc{cudaguide,
    title = "CUDA programming guide",
    howpublished = "\url{http://docs.nvidia.com/cuda/cuda-c-programming-guide/index.html}",
    note = "[Online; accessed 2-November-2017]"
}